@article{harlow:2182,
    author = {Francis H. Harlow and J. Eddie Welch},
    collaboration = {},
    title = {Numerical Calculation of Time-Dependent Viscous Incompressible Flow of Fluid with Free Surface},
    publisher = {AIP},
    year = {1965},
    journal = {Physics of Fluids},
    volume = {8},
    number = {12},
    pages = {2182-2189},
    url = {http://link.aip.org/link/?PFL/8/2182/1},
    doi = {10.1063/1.1761178}
}

@article{Foster:1996:RAL:244304.244315,
     author = {Foster, Nick and Metaxas, Dimitri},
     title = {Realistic animation of liquids},
     journal = {Graph. Models Image Process.},
     issue_date = {Sept. 1996},
     volume = {58},
     number = {5},
     month = sep,
     year = {1996},
     issn = {1077-3169},
     pages = {471--483},
     numpages = {13},
     url = {http://dx.doi.org/10.1006/gmip.1996.0039},
     doi = {10.1006/gmip.1996.0039},
     acmid = {244315},
     publisher = {Academic Press, Inc.},
     address = {Orlando, FL, USA}
}

@inproceedings{Muller:2003:PFS:846276.846298,
     author = {M\"{u}ller, Matthias and Charypar, David and Gross, Markus},
     title = {Particle-based fluid simulation for interactive applications},
     booktitle = {Proceedings of the 2003 ACM SIGGRAPH/Eurographics symposium on Computer animation},
     series = {SCA '03},
     year = {2003},
     isbn = {1-58113-659-5},
     location = {San Diego, California},
     pages = {154--159},
     numpages = {6},
     url = {http://dl.acm.org/citation.cfm?id=846276.846298},
     acmid = {846298},
     publisher = {Eurographics Association},
     address = {Aire-la-Ville, Switzerland, Switzerland},
}

@article{1977MNRAS.181..375G,
   author = {{Gingold}, R.~A. and {Monaghan}, J.~J.},
    title = "{Smoothed particle hydrodynamics - Theory and application to non-spherical stars}",
  journal = {Monthly Notices of the Royal Astronomical Society},
 keywords = {HYDRODYNAMICS, PARTICLE THEORY, STELLAR MODELS, ASTROPHYSICS, STELLAR ROTATION, STELLAR STRUCTURE},
     year = 1977,
    month = nov,
   volume = 181,
    pages = {375-389},
   adsurl = {http://adsabs.harvard.edu/abs/1977MNRAS.181..375G},
  adsnote = {Provided by the SAO/NASA Astrophysics Data System}
}

@article{1977AJ.....82.1013L,
   author = {{Lucy}, L.~B.},
    title = "{A numerical approach to the testing of the fission hypothesis}",
  journal = {Astronomical Journal},
 keywords = {BINARY STARS, HYPOTHESES, NUCLEAR FISSION, NUMERICAL ANALYSIS, PROTOSTARS, STELLAR EVOLUTION, ASTRONOMICAL MODELS, DIFFERENCE EQUATIONS, GAS DYNAMICS, MONTE CARLO METHOD, NUMERICAL STABILITY, PARTICLE MOTION, STELLAR ROTATION},
     year = 1977,
    month = dec,
   volume = 82,
    pages = {1013-1024},
      doi = {10.1086/112164},
   adsurl = {http://adsabs.harvard.edu/abs/1977AJ.....82.1013L},
  adsnote = {Provided by the SAO/NASA Astrophysics Data System}
}

@mastersthesis{particle-fluids,
    author = {Stefan Auer},
    title = {Realtime particle-based fluid simulation},
    school = {Technische Universit채t M체nchen, Fakult채t f체r Informatik},
    year = 2009
}
